"Date","Description","ChkRef","Amount","Balance"
11/22/2024,MCM LEASING LLC PAYROLL 0SL96 37910PNC3,,"$1,248.38","$7,071.28"
11/22/2024,XX8062 POS PURCHASE RACETRAC122 MARIETTA GA 46776408 021789,,-$31.27,"$7,040.01"
11/22/2024,ACCT INTEGRATORS Assn Dues 242173,,-$1.99,"$7,038.02"
11/22/2024,RIVER PARK RP OnlinePay 242173,,-$115.00,"$6,923.02"
11/25/2024,Zelle To ELDRIDGE MUSIC ACADEMY LLC . +1-800-274-4482,,-$45.00,"$6,878.02"
11/25/2024,XX8062 POS PURCHASE QT 805 INSIDE ATLANTA GA 00000000 046485,,-$4.70,"$6,873.32"
11/25/2024,XX8062 POS PURCHASE QT 781 WOODSTOCK GA 00000000 046400,,-$6.62,"$6,866.70"
11/25/2024,XX8062 POS PURCHASE TURNERTECH CAFE ATLANTA GA 00000000 014020,,-$7.51,"$6,859.19"
11/25/2024,XX8062 POS PURCHASE WENDYS #78 WOODSTOCK GA 22166002 375207,,-$9.74,"$6,849.45"
11/25/2024,XX8062 POS PURCHASE CHICK-FIL-A #008 770-421-8650 GA 1 036175,,-$13.01,"$6,836.44"
11/25/2024,XX8062 POS PURCHASE KROGER #430 WOODSTOCK GA 40043014 514855,,-$23.61,"$6,812.83"
11/26/2024,XX8062 POS PURCHASE PAPA JOHN'S #514 187-754-7727 GA 00000000 053912,,-$13.56,"$6,799.27"
11/27/2024,XX8062 POS PURCHASE KROGER #430 WOODSTOCK GA 40043014 014562,,-$26.92,"$6,772.35"
11/29/2024,MCM LEASING LLC PAYROLL 0SL96 37910PNC3,,"$1,254.59","$8,026.94"
11/29/2024,XX8062 POS PURCHASE XFINITY MOBILE 888-936-4968 PA 00000000 029337,,-$57.34,"$7,969.60"
12/02/2024,Zelle To ELDRIDGE MUSIC ACADEMY LLC . +1-800-274-4482,,-$45.00,"$7,924.60"
12/02/2024,XX8062 POS PURCHASE LINODE . AKAMAI 609-380-7100 MA 00000000 033526,,-$7.00,"$7,917.60"
12/02/2024,XX8062 POS PURCHASE KROGER #430 WOODSTOCK GA 40043012 512408,,-$9.22,"$7,908.38"
12/02/2024,XX8062 POS PURCHASE MARCOS PIZZA - 8 678-631-7242 GA 73108180 008180,,-$13.77,"$7,894.61"
12/02/2024,XX8062 POS PURCHASE KROGER #430 WOODSTOCK GA 40043010 510859,,-$16.23,"$7,878.38"
12/02/2024,XX8062 POS PURCHASE BUC-EE'S #52 CALHOUN GA 00000000 005095,,-$25.30,"$7,853.08"
12/02/2024,XX8062 POS PURCHASE BUC-EE'S #52 CALHOUN GA 101 433513034010,,-$41.27,"$7,811.81"
12/02/2024,XX8062 POS PURCHASE TACO MAC 27 CANTON GA 40928916 034203,,-$49.05,"$7,762.76"
12/02/2024,PAYPAL INST XFER PATREON MEMBER,,-$21.20,"$7,741.56"
12/03/2024,XX8062 POS PURCHASE TURNERTECH CAFE ATLANTA GA 00000000 019634,,-$0.93,"$7,740.63"
12/03/2024,XX8062 POS PURCHASE TURNERTECH CAFE ATLANTA GA 00000000 014040,,-$6.59,"$7,734.04"
12/03/2024,RIVER PARK RP OnlinePay 242607,,-$50.00,"$7,684.04"
12/04/2024,XX8062 POS PURCHASE KROGER #430 WOODSTOCK GA 40043014 514235,,-$13.24,"$7,670.80"
12/04/2024,XX8062 POS PURCHASE QT 781 OUTSIDE WOODSTOCK GA 001 945835,,-$31.06,"$7,639.74"
12/05/2024,XX8062 MT DDA CREDIT CASH APP*LANA BU Oakland CA 1 705395,,$150.00,"$7,789.74"
12/05/2024,RIVERS EDGE VILL OnlinePay 243541,,-$140.00,"$7,649.74"
12/06/2024,MCM LEASING LLC PAYROLL 0SL96 37910PNC3,,$324.53,"$7,974.27"
12/06/2024,XX8062 POS PURCHASE CHICK-FIL-A #032 770-592-4755 GA 1 006202,,-$5.18,"$7,969.09"
12/06/2024,XX8062 POS PURCHASE WENDYS #78 WOODSTOCK GA 22166002 642556,,-$8.68,"$7,960.41"
12/06/2024,XX8062 POS PURCHASE THE HOME DEPOT # HOLLY SPRINGS GA 00000000 023464,,-$35.59,"$7,924.82"
12/06/2024,XX8062 POS PURCHASE SLICE*SAPORITOSP SLICELIFE.COM NY OIWK9ICL 012036,,-$41.35,"$7,883.47"
12/09/2024,Zelle To ELDRIDGE MUSIC ACADEMY LLC . +1-800-274-4482,,-$45.00,"$7,838.47"
12/09/2024,XX8062 POS PURCHASE KROGER #430 WOODSTOCK GA 40043014 014611,,-$11.12,"$7,827.35"
12/09/2024,XX8062 POS PURCHASE PAPA JOHN'S #514 187-754-7727 GA 36841216 041216,,-$11.65,"$7,815.70"
12/09/2024,XX8062 POS PURCHASE OPENAI *CHATGPT HTTPSOPENAI.C CA 7N3QWJUF 018350,,-$20.00,"$7,795.70"
12/09/2024,XX8062 POS PURCHASE KROGER #430 WOODSTOCK GA 40043013 513843,,-$27.91,"$7,767.79"
12/09/2024,XX8062 POS PURCHASE NUEVOS AMIGOS CO CANTON GA 00000000 035015,,-$31.18,"$7,736.61"
12/09/2024,GPC GPC EFT XXXXXX9366CTN,,-$239.86,"$7,496.75"
12/10/2024,XX8062 POS PURCHASE TACO BELL 732577 678-905-3291 GA 7325003 014967,,-$3.17,"$7,493.58"
12/10/2024,XX8062 POS PURCHASE QT 781 WOODSTOCK GA 00000000 058102,,-$6.62,"$7,486.96"
12/10/2024,XX8062 POS PURCHASE WENDYS #78 WOODSTOCK GA 22166002 720715,,-$7.62,"$7,479.34"
12/11/2024,VENMO CASHOUT 1038862497117,,$500.00,"$7,979.34"
12/11/2024,XX8062 POS PURCHASE KROGER #430 WOODSTOCK GA 40043011 511105,,-$19.64,"$7,959.70"
12/12/2024,XX8062 POS PURCHASE RACETRAC548 MARIETTA GA 11948403 849798,,-$9.90,"$7,949.80"
12/13/2024,MCM LEASING LLC PAYROLL 0SL96 37910PNC3,,$582.30,"$8,532.10"
12/13/2024,XX8062 POS PURCHASE RACETRAC122 00 MARIETTA GA 007 027271,,-$2.43,"$8,529.67"
12/13/2024,XX8062 POS PURCHASE TACO BELL 732577 678-905-3291 GA 7325003 016524,,-$3.17,"$8,526.50"
12/16/2024,Zelle To ELDRIDGE MUSIC ACADEMY LLC . +1-800-274-4482,,-$45.00,"$8,481.50"
12/16/2024,XX8062 POS PURCHASE QT 781 WOODSTOCK GA 00000000 024399,,-$9.05,"$8,472.45"
12/16/2024,XX8062 POS PURCHASE GA STATE ROAD & 404-893-6100 GA 00000000 004659,,-$20.00,"$8,452.45"
12/16/2024,XX8062 POS PURCHASE SAPORITOS PIZZA CANTON GA 00000000 014760,,-$24.12,"$8,428.33"
12/16/2024,XX8062 POS PURCHASE KROGER #430 WOODSTOCK GA 40043005 505538,,-$25.49,"$8,402.84"
12/16/2024,XX8062 POS PURCHASE PIZZA HUT 036080 https://ipcha GA 00002753 023319,,-$29.78,"$8,373.06"
12/16/2024,XX8062 POS PURCHASE KROGER #430 WOODSTOCK GA 40043050 500746,,-$34.50,"$8,338.56"
12/16/2024,PENNYMAC CASH 8006956424-0080,,"-$1,401.50","$6,937.06"
12/17/2024,XX8062 POS PURCHASE PETS AND SUPPLIE KENNESAW GA 75587130 050009,,-$5.76,"$6,931.30"
12/17/2024,XX8062 POS PURCHASE GOOGLE *YouTubeP g.co/helppay# CA 00000000 075086,,-$13.99,"$6,917.31"
12/17/2024,XX8062 POS PURCHASE SLICE*SAPORITOSP SLICELIFE.COM NY OIWK9ICL 096222,,-$27.03,"$6,890.28"
12/18/2024,XX8062 POS PURCHASE QT 720 LITHIA SPRING GA 00000000 034397,,-$2.45,"$6,887.83"
12/18/2024,XX8062 POS PURCHASE QT 781 WOODSTOCK GA 00000000 090175,,-$6.62,"$6,881.21"
12/18/2024,XX8062 POS PURCHASE MCDONALD'S F2497 MONROE GA 1 038816,,-$10.58,"$6,870.63"
12/18/2024,XX8062 POS PURCHASE QT 781 OUTSIDE WOODSTOCK GA 001 412543,,-$29.72,"$6,840.91"
12/18/2024,XX8062 POS PURCHASE NORTH FULTON PES 770-4757419 GA 77371064 037553,,-$85.00,"$6,755.91"
12/18/2024,Interest,,$0.06,"$6,755.97"
12/19/2024,XX8062 POS PURCHASE FAMILY DOLLAR POWDER SPGS GA 12107001 048640,,-$16.78,"$6,739.19"
12/19/2024,XX8062 POS PURCHASE KROGER #430 WOODSTOCK GA 40043001 501154,,-$22.81,"$6,716.38"
12/19/2024,XX8062 POS PURCHASE QT 781 WOODSTOCK GA 00000000 010763,,-$23.24,"$6,693.14"
12/19/2024,IGS ENERGY SCANA BILL PAY 13804050021,,-$57.47,"$6,635.67"
12/19/2024,ADVS ED SERV PPD STUDNTLOAN 0000,,-$86.18,"$6,549.49"
12/19/2024,SALLIE MAE BANK AUTOPAY BR_BRADLEY SIX,,-$243.41,"$6,306.08"
12/20/2024,MCM LEASING LLC PAYROLL 0SL96 37910PNC3,,$535.94,"$6,842.02"
12/20/2024,XX8062 POS PURCHASE KROGER #430 WOODSTOCK GA 40043050 500052,,-$37.29,"$6,804.73"
12/23/2024,Zelle To ELDRIDGE MUSIC ACADEMY LLC . +1-800-274-4482,,-$45.00,"$6,759.73"
12/23/2024,XX8062 POS PURCHASE CHICK-FIL-A #081 770-732-8034 GA 1 051046,,-$4.12,"$6,755.61"
12/23/2024,XX8062 POS PURCHASE CHICK-FIL-A #026 770-445-7713 GA 1 076269,,-$8.77,"$6,746.84"
12/23/2024,XX8062 POS PURCHASE SQ *ALPINE BAKER Woodstock GA 00000000 063900,,-$13.19,"$6,733.65"
12/23/2024,XX8062 POS PURCHASE 5GUYS 1645 QSR WOODSTOCK GA 47481077 081077,,-$18.30,"$6,715.35"
12/23/2024,XX8062 POS PURCHASE MOE'S WOODSTOCK GA 00000000 025945,,-$46.32,"$6,669.03"
12/23/2024,COMCAST 8220210 XXXXX2053 1347979,,-$70.00,"$6,599.03"
12/24/2024,XX8062 MT DDA CREDIT CASH APP*LANA BU Oakland CA 1 558432,,$20.00,"$6,619.03"
12/24/2024,XX8062 MT DDA CREDIT CASH APP*LANA BU Oakland CA 1 087771,,$300.00,"$6,919.03"
12/24/2024,XX8062 POS PURCHASE KROGER #430 WOODSTOCK GA 40043011 511413,,-$19.52,"$6,899.51"
12/24/2024,XX8062 MT DDA DEBIT CASH APP*KIMBERL Oakland CA 1 248929,,-$500.00,"$6,399.51"
12/27/2024,MCM LEASING LLC PAYROLL 0SL96 37910PNC3,,$923.82,"$7,323.33"
12/27/2024,XX8062 POS PURCHASE QT 845 MARIETTA GA 00000000 024820,,-$7.00,"$7,316.33"
12/27/2024,XX8062 POS PURCHASE KROGER #430 WOODSTOCK GA 40043010 510317,,-$72.19,"$7,244.14"
12/30/2024,Zelle To ELDRIDGE MUSIC ACADEMY LLC . +1-800-274-4482,,-$45.00,"$7,199.14"
12/30/2024,XX8062 POS PURCHASE RACETRAC543 00 CANTON GA 007 090362,,-$2.11,"$7,197.03"
12/30/2024,XX8062 POS PURCHASE RACETRAC543 00 CANTON GA 007 090363,,-$3.66,"$7,193.37"
12/30/2024,XX8062 POS PURCHASE CHICK-FIL-A #032 770-592-4755 GA 1 030854,,-$8.31,"$7,185.06"
12/30/2024,XX8062 POS PURCHASE SAPORITOS PIZZA CANTON GA 00000000 060867,,-$24.12,"$7,160.94"
12/30/2024,XX8062 POS PURCHASE KROGER #430 WOODSTOCK GA 40043013 513673,,-$31.56,"$7,129.38"
12/30/2024,XX8062 POS PURCHASE RACETRAC122 00 MARIETTA GA 008 025223,,-$31.95,"$7,097.43"
12/30/2024,XX8062 POS PURCHASE XFINITY MOBILE 888-936-4968 PA 00000000 001715,,-$57.34,"$7,040.09"
12/31/2024,XX8062 POS PURCHASE TACO BELL 732577 678-905-3291 GA 7325003 015937,,-$3.17,"$7,036.92"
01/02/2025,XX8062 POS PURCHASE LINODE . AKAMAI 609-380-7100 MA 00000000 067804,,-$7.00,"$7,029.92"
01/02/2025,XX8062 POS PURCHASE PAPA JOHN'S #514 187-754-7727 GA 00000000 031723,,-$7.41,"$7,022.51"
01/02/2025,XX8062 POS PURCHASE KROGER #430 WOODSTOCK GA 40043010 510185,,-$16.39,"$7,006.12"
01/02/2025,XX8062 POS PURCHASE THE HOME DEPOT # HOLLY SPRINGS GA 00000000 011955,,-$139.59,"$6,866.53"
01/02/2025,PAYPAL INST XFER PATREON MEMBER,,-$21.20,"$6,845.33"
01/03/2025,MCM LEASING LLC PAYROLL 0SL96 37910PNC3,,$689.00,"$7,534.33"
01/03/2025,XX8062 POS PURCHASE WENDYS #78 WOODSTOCK GA 22166002 495625,,-$11.32,"$7,523.01"
01/03/2025,XX8062 POS PURCHASE KROGER #430 WOODSTOCK GA 40043012 512494,,-$24.25,"$7,498.76"
01/06/2025,Zelle To ELDRIDGE MUSIC ACADEMY LLC . +1-800-274-4482,,-$45.00,"$7,453.76"
01/06/2025,XX8062 POS PURCHASE TACO BELL 732577 678-905-3291 GA 7325003 013838,,-$3.17,"$7,450.59"
01/06/2025,XX8062 POS PURCHASE RACETRAC2388 WOODSTOCK GA 28558201 425199,,-$3.18,"$7,447.41"
01/06/2025,XX8062 POS PURCHASE CHICK-FIL-A #032 770-592-4755 GA 1 006220,,-$7.82,"$7,439.59"
01/06/2025,XX8062 POS PURCHASE KROGER #430 WOODSTOCK GA 40043015 515624,,-$37.68,"$7,401.91"
01/06/2025,XX8062 POS PURCHASE PROTON AG 165-622-1172 MI 00000000 083025,,-$47.88,"$7,354.03"
01/06/2025,XX8062 POS PURCHASE NORTH FULTON PES 770-4757419 GA 77371064 046785,,-$85.00,"$7,269.03"
01/06/2025,MIDJOURNEY INC. MIDJOURNEY ST-I6W2S9U4M9X3,,-$10.60,"$7,258.43"
01/07/2025,XX8062 POS PURCHASE QT 745 ATLANTA GA 00000000 060215,,-$2.47,"$7,255.96"
01/07/2025,XX8062 POS PURCHASE PETS AND SUPPLIE KENNESAW GA 75587130 010001,,-$7.41,"$7,248.55"
01/07/2025,XX8062 POS PURCHASE OPENAI *CHATGPT HTTPSOPENAI.C CA 7N3QWJUF 024265,,-$20.00,"$7,228.55"
01/08/2025,XX8062 POS PURCHASE KROGER #430 WOODSTOCK GA 40043015 515997,,-$18.32,"$7,210.23"
01/08/2025,XX8062 POS PURCHASE SLICE*SAPORITOSP SLICELIFE.COM NY OIWK9ICL 001990,,-$19.20,"$7,191.03"
01/09/2025,XX8062 MT DDA CREDIT CASH APP*LANA BU Oakland CA 1 471787,,$300.00,"$7,491.03"
01/09/2025,XX8062 POS PURCHASE QT 745 ATLANTA GA 00000000 081920,,-$2.47,"$7,488.56"
01/09/2025,XX8062 POS PURCHASE QT 745 ATLANTA GA 00000000 082181,,-$2.77,"$7,485.79"
01/09/2025,XX8062 POS PURCHASE TACO BELL 732577 678-905-3291 GA 7325003 014396,,-$3.17,"$7,482.62"
01/09/2025,XX8062 POS PURCHASE QT 745 ATLANTA GA 00000000 082002,,-$16.78,"$7,465.84"
01/09/2025,GPC GPC EFT XXXXXX9366CTN,,-$273.04,"$7,192.80"
01/10/2025,Link.com Cash back ST-T6X3R6D2F5Z5,,$5.00,"$7,197.80"
01/10/2025,MCM LEASING LLC PAYROLL 0SL96 37910PNC3,,$152.58,"$7,350.38"
01/10/2025,XX8062 POS PURCHASE QT 745 ATLANTA GA 00000000 017297,,-$2.36,"$7,348.02"
01/10/2025,XX8062 POS PURCHASE QT 745 ATLANTA GA 00000000 017108,,-$3.23,"$7,344.79"
01/10/2025,XX8062 POS PURCHASE PAPA JOHN'S #514 187-754-7727 GA 33450029 050029,,-$11.65,"$7,333.14"
01/10/2025,XX8062 POS PURCHASE KROGER #430 WOODSTOCK GA 40043014 514222,,-$12.32,"$7,320.82"
01/10/2025,XX8062 POS PURCHASE MICRO ELECTRONIC Marietta GA 99999999 533548,,"-$1,767.45","$5,553.37"
01/13/2025,Zelle To ELDRIDGE MUSIC ACADEMY LLC . +1-800-274-4482,,-$45.00,"$5,508.37"
01/13/2025,XX8062 POS PURCHASE TACO MAC 27 CANTON GA 40928916 038247,,-$23.00,"$5,485.37"
01/13/2025,XX8062 POS PURCHASE QT 781 OUTSIDE WOODSTOCK GA 001 650340,,-$33.15,"$5,452.22"
01/14/2025,XX8062 MT DDA CREDIT CASH APP*LANA BU Oakland CA 1 966980,,$500.00,"$5,952.22"
01/15/2025,XX8062 POS PURCHASE QT 720 LITHIA SPRING GA 00000000 076183,,-$3.20,"$5,949.02"
01/15/2025,XX8062 POS PURCHASE QT 781 WOODSTOCK GA 00000000 099630,,-$6.62,"$5,942.40"
01/15/2025,XX8062 POS PURCHASE TEXACO 0306725 FAIRBURN GA 00000000 060782,,-$10.77,"$5,931.63"
01/15/2025,XX8062 MT DDA DEBIT CASH APP*PATRICK Oakland CA 1 940189,,-$20.00,"$5,911.63"
01/15/2025,XX8062 POS PURCHASE KROGER #430 WOODSTOCK GA 40043012 512180,,-$31.25,"$5,880.38"
01/15/2025,Interest,,$0.05,"$5,880.43"
01/16/2025,XX8062 POS PURCHASE QT 720 LITHIA SPRING GA 00000000 014043,,-$1.95,"$5,878.48"
01/16/2025,XX8062 POS PURCHASE QT 720 LITHIA SPRING GA 00000000 014019,,-$3.20,"$5,875.28"
01/16/2025,XX8062 POS PURCHASE QT 720 LITHIA SPRING GA 00000000 043031,,-$3.20,"$5,872.08"
01/16/2025,XX8062 POS PURCHASE BP#1453300JP PAL PALMETTO GA 02020201 759240,,-$5.27,"$5,866.81"
01/16/2025,XX8062 POS PURCHASE MCDONALD'S F1016 KENNESAW GA 1 074034,,-$10.26,"$5,856.55"
01/16/2025,XX8062 POS PURCHASE WL *Steam Purcha 425-9522985 WA 00000007 070336,,-$21.19,"$5,835.36"
01/16/2025,PENNYMAC CASH 8006956424-0081,,"-$1,401.50","$4,433.86"
01/17/2025,VENMO CASHOUT 1039669065097,,$500.00,"$4,933.86"
01/17/2025,MCM LEASING LLC PAYROLL 0SL96 37910PNC3,,$769.07,"$5,702.93"
01/17/2025,XX8062 POS PURCHASE MCDONALD'S F2980 PALMETTO GA 1 092947,,-$3.00,"$5,699.93"
01/17/2025,XX8062 POS PURCHASE KROGER #430 WOODSTOCK GA 40043014 014426,,-$13.83,"$5,686.10"
01/17/2025,XX8062 POS PURCHASE GOOGLE*YOUTUBEPR G.CO/HELPPAY# CA WPGTID01 032175,,-$13.99,"$5,672.11"
01/21/2025,Zelle To ELDRIDGE MUSIC ACADEMY LLC . +1-800-274-4482,,-$45.00,"$5,627.11"
01/21/2025,XX8062 POS PURCHASE TACO BELL 732577 678-905-3291 GA 7325003 015333,,-$3.17,"$5,623.94"
01/21/2025,XX8062 POS PURCHASE CHICK-FIL-A #081 770-732-8034 GA 1 018529,,-$4.12,"$5,619.82"
01/21/2025,XX8062 POS PURCHASE KROGER #430 WOODSTOCK GA 40043014 514364,,-$13.03,"$5,606.79"
01/21/2025,XX8062 POS PURCHASE PAPA JOHN'S #514 187-754-7727 GA 00000000 058688,,-$13.77,"$5,593.02"
01/21/2025,XX8062 POS PURCHASE GA STATE ROAD & 404-893-6100 GA 00000000 007337,,-$20.00,"$5,573.02"
01/21/2025,XX8062 POS PURCHASE QT 781 WOODSTOCK GA 00000000 067183,,-$23.24,"$5,549.78"
01/21/2025,XX8062 POS PURCHASE THE HOME DEPOT # POWDER SPGS GA 00000000 067380,,-$31.55,"$5,518.23"
01/21/2025,XX8062 POS PURCHASE WAL-MART #5814 HOLLY SPRINGS GA 24581401 364190,,-$82.31,"$5,435.92"
01/21/2025,XX8062 POS PURCHASE MICRO ELECTRONIC Marietta GA 99999999 828240,,-$317.97,"$5,117.95"
01/21/2025,COMCAST 8220210 XXXXX2053 2347370,,-$70.00,"$5,047.95"
01/21/2025,ADVS ED SERV PPD STUDNTLOAN 0000,,-$86.18,"$4,961.77"
01/21/2025,SALLIE MAE BANK AUTOPAY BR_BRADLEY SIX,,-$243.41,"$4,718.36"
01/22/2025,XX8062 MT DDA CREDIT CASH APP*LANA BU Oakland CA 1 521127,,$20.00,"$4,738.36"
01/22/2025,XX8062 POS PURCHASE STEAMGAMES.COM 4 425-8899642 WA 00000000 016808,,-$17.79,"$4,720.57"
01/23/2025,XX8062 POS PURCHASE WENDYS #78 WOODSTOCK GA 22166002 506942,,-$6.56,"$4,714.01"
01/23/2025,XX8062 POS PURCHASE STEAMGAMES.COM 4 425-8899642 WA 00000000 045805,,-$13.77,"$4,700.24"
01/23/2025,XX8062 POS PURCHASE QT 781 OUTSIDE WOODSTOCK GA 001 664347,,-$34.73,"$4,665.51"
01/24/2025,MCM LEASING LLC PAYROLL 0SL96 37910PNC3,,$857.76,"$5,523.27"
01/24/2025,IGS ENERGY SCANA BILL PAY 13871151491,,-$63.21,"$5,460.06"
01/27/2025,Zelle To ELDRIDGE MUSIC ACADEMY LLC . +1-800-274-4482,,-$45.00,"$5,415.06"
01/27/2025,XX8062 POS PURCHASE QT 845 MARIETTA GA 00000000 075459,,-$2.95,"$5,412.11"
01/27/2025,XX8062 POS PURCHASE QT 845 MARIETTA GA 00000000 075458,,-$3.17,"$5,408.94"
01/27/2025,XX8062 POS PURCHASE QT 781 WOODSTOCK GA 00000000 075731,,-$6.62,"$5,402.32"
01/27/2025,XX8062 POS PURCHASE STEAMGAMES.COM 4 425-8899642 WA 00000000 044608,,-$8.47,"$5,393.85"
01/27/2025,XX8062 POS PURCHASE KROGER #430 WOODSTOCK GA 40043011 511246,,-$15.13,"$5,378.72"
01/27/2025,XX8062 POS PURCHASE KROGER #430 WOODSTOCK GA 40043013 513821,,-$26.80,"$5,351.92"
01/27/2025,XX8062 POS PURCHASE WL *STEAM PURCHA 425-889-9642 WA 00000000 057609,,-$28.61,"$5,323.31"
01/27/2025,XX8062 POS PURCHASE TAPATIOS MEXICAN CANTON GA 94757181 090048,,-$33.31,"$5,290.00"
01/28/2025,XX8062 POS PURCHASE QT 801 WOODSTOCK GA 00000000 073196,,-$3.17,"$5,286.83"
01/28/2025,XX8062 POS PURCHASE XFINITY MOBILE 888-936-4968 PA 00000000 035161,,-$57.35,"$5,229.48"
01/29/2025,XX8062 POS PURCHASE TACO BELL 732577 678-905-3291 GA 7325003 014288,,-$3.17,"$5,226.31"
01/29/2025,XX8062 POS PURCHASE WENDYS #78 WOODSTOCK GA 22166002 401233,,-$6.56,"$5,219.75"
01/29/2025,XX8062 POS PURCHASE PETS AND SUPPLIE KENNESAW GA 75587130 090002,,-$7.96,"$5,211.79"
01/29/2025,XX8062 POS PURCHASE KROGER #430 WOODSTOCK GA 40043013 513590,,-$55.44,"$5,156.35"
01/31/2025,MCM LEASING LLC PAYROLL 0SL96 37910PNC3,,$376.74,"$5,533.09"
01/31/2025,XX8062 POS PURCHASE QT 720 LITHIA SPRING GA 00000000 039363,,-$3.20,"$5,529.89"
01/31/2025,XX8062 POS PURCHASE MCDONALD'S F1016 KENNESAW GA 1 034353,,-$10.26,"$5,519.63"
02/03/2025,Zelle To ELDRIDGE MUSIC ACADEMY LLC . +1-800-274-4482,,-$45.00,"$5,474.63"
02/03/2025,XX8062 POS PURCHASE QT 781 WOODSTOCK GA 00000000 068621,,-$6.62,"$5,468.01"
02/03/2025,XX8062 POS PURCHASE CHEVRON 0307698 MABLETON GA 00000000 094091,,-$7.52,"$5,460.49"
02/03/2025,XX8062 POS PURCHASE LINODE . AKAMAI 609-380-7100 MA 00000000 079992,,-$14.00,"$5,446.49"
02/03/2025,XX8062 POS PURCHASE KROGER #430 WOODSTOCK GA 40043003 503319,,-$17.60,"$5,428.89"
02/03/2025,XX8062 POS PURCHASE SLICE*SAPORITOSP SLICELIFE.COM NY OIWK9ICL 056240,,-$24.20,"$5,404.69"
02/03/2025,XX8062 POS PURCHASE KROGER #430 WOODSTOCK GA 40043013 513225,,-$25.76,"$5,378.93"
02/03/2025,XX8062 POS PURCHASE STEAMGAMES.COM 4 425-8899642 WA 00000000 009108,,-$26.49,"$5,352.44"
02/03/2025,XX8062 POS PURCHASE QT 781 OUTSIDE WOODSTOCK GA 001 560049,,-$32.32,"$5,320.12"
02/03/2025,XX8062 POS PURCHASE BALL GROUND BURG BALL GROUND GA 75201321 049221,,-$41.38,"$5,278.74"
02/03/2025,PAYPAL INST XFER PATREON MEMBER,,-$21.20,"$5,257.54"
02/04/2025,XX8062 POS PURCHASE QT 720 LITHIA SPRING GA 00000000 034877,,-$4.84,"$5,252.70"
02/04/2025,XX8062 POS PURCHASE TEXACO 0306725 FAIRBURN GA 00000000 027619,,-$5.17,"$5,247.53"
02/05/2025,XX8062 POS PURCHASE TEXACO 0306725 FAIRBURN GA 00000000 044163,,-$6.62,"$5,240.91"
02/05/2025,XX8062 POS PURCHASE KROGER #430 WOODSTOCK GA 40043013 513974,,-$26.79,"$5,214.12"
02/05/2025,MIDJOURNEY INC. MIDJOURNEY ST-L6U2D5A4D3S9,,-$10.60,"$5,203.52"
02/06/2025,XX8062 MT DDA CREDIT CASH APP*LANA BU Oakland CA 1 387849,,$300.00,"$5,503.52"
02/06/2025,XX8062 POS PURCHASE QT 727 MARIETTA GA 00000000 097658,,-$2.43,"$5,501.09"
02/06/2025,XX8062 POS PURCHASE WENDYS #78 WOODSTOCK GA 22166002 901928,,-$6.56,"$5,494.53"
02/06/2025,XX8062 POS PURCHASE QT 781 WOODSTOCK GA 00000000 012287,,-$6.62,"$5,487.91"
02/07/2025,MCM LEASING LLC PAYROLL 0SL96 37910PNC3,,$417.13,"$5,905.04"
02/07/2025,XX8062 POS PURCHASE QT 839 MABLETON GA 00000000 090324,,-$3.17,"$5,901.87"
02/07/2025,XX8062 POS PURCHASE KROGER #430 5339 WOODSTOCK GA 99999999 029266,,-$11.70,"$5,890.17"
02/07/2025,XX8062 POS PURCHASE KROGER #430 5339 WOODSTOCK GA 99999999 522541,,-$14.24,"$5,875.93"
02/07/2025,XX8062 POS PURCHASE WAL-MART #0855 UNION CITY GA 24085501 855982,,-$14.76,"$5,861.17"
02/07/2025,XX8062 POS PURCHASE OPENAI *CHATGPT OPENAI.COM CA 7N3QWJUF 091077,,-$20.00,"$5,841.17"
02/07/2025,ACCT INTEGRATORS Assn Dues 242607,,-$1.99,"$5,839.18"
02/07/2025,ACCT INTEGRATORS Assn Dues 243541,,-$1.99,"$5,837.19"
02/07/2025,GPC GPC EFT XXXXXX9366CTN,,-$393.02,"$5,444.17"
02/10/2025,Zelle To ELDRIDGE MUSIC ACADEMY LLC . +1-800-274-4482,,-$45.00,"$5,399.17"
02/10/2025,XX8062 POS PURCHASE CHICK-FIL-A #081 770-732-8034 GA 1 010662,,-$4.12,"$5,395.05"
02/10/2025,XX8062 POS PURCHASE PAPA JOHN'S #514 187-754-7727 GA 00000000 019523,,-$7.62,"$5,387.43"
02/10/2025,XX8062 POS PURCHASE KROGER #430 5339 WOODSTOCK GA 99999999 716338,,-$12.27,"$5,375.16"
02/10/2025,XX8062 POS PURCHASE LA BELLAS PIZZA MARIETTA GA 00276302 084265,,-$19.58,"$5,355.58"
02/10/2025,XX8062 POS PURCHASE STEAMGAMES.COM 4 425-8899642 WA 00000000 097303,,-$24.48,"$5,331.10"
02/10/2025,XX8062 POS PURCHASE SQ *JULIENNE'S S Marietta GA 00000000 074461,,-$30.00,"$5,301.10"
02/10/2025,XX8062 POS PURCHASE QT 781 OUTSIDE WOODSTOCK GA 001 709079,,-$31.75,"$5,269.35"
02/10/2025,XX8062 POS PURCHASE QT 781 WOODSTOCK GA 00000000 038130,,-$32.71,"$5,236.64"
02/10/2025,XX8062 POS PURCHASE STEAMGAMES.COM 4 425-8899642 WA 00000000 028003,,-$42.39,"$5,194.25"
02/11/2025,XX8062 POS PURCHASE QT 777 ATLANTA GA 00000000 020490,,-$3.22,"$5,191.03"
02/11/2025,XX8062 POS PURCHASE STATE RD AND TOL 404-8936135 GA 79204725 019115,,-$20.00,"$5,171.03"
02/13/2025,XX8062 POS PURCHASE CHICK-FIL-A #081 770-732-8034 GA 1 016407,,-$4.12,"$5,166.91"
02/13/2025,XX8062 POS PURCHASE KROGER #430 WOODSTOCK GA 40043013 513583,,-$34.30,"$5,132.61"
02/14/2025,MCM LEASING LLC PAYROLL 0SL96 37910PNC3,,"$1,093.72","$6,226.33"
02/14/2025,XX8062 POS PURCHASE QT 727 MARIETTA GA 00000000 015740,,-$3.17,"$6,223.16"
02/14/2025,XX8062 POS PURCHASE WL *Steam Purcha 425-9522985 WA 00000007 093725,,-$10.30,"$6,212.86"
02/18/2025,Zelle To ELDRIDGE MUSIC ACADEMY LLC . +1-800-274-4482,,-$45.00,"$6,167.86"
02/18/2025,XX8062 POS PURCHASE WENDYS #78 WOODSTOCK GA 22166002 010155,,-$3.18,"$6,164.68"
02/18/2025,XX8062 POS PURCHASE QT 727 MARIETTA GA 00000000 079692,,-$4.76,"$6,159.92"
02/18/2025,XX8062 POS PURCHASE RACETRAC122 00 MARIETTA GA 007 029515,,-$4.77,"$6,155.15"
02/18/2025,XX8062 POS PURCHASE GIRL SCOUTS OF T 855-530-4467 NY 00000000 000801,,-$6.00,"$6,149.15"
02/18/2025,XX8062 POS PURCHASE KROGER #430 5339 WOODSTOCK GA 99999999 722268,,-$6.00,"$6,143.15"
02/18/2025,XX8062 POS PURCHASE MOES CANTON GA 00000000 037131,,-$7.48,"$6,135.67"
02/18/2025,XX8062 POS PURCHASE STEAMGAMES.COM 4 425-8899642 WA 00000000 052208,,-$10.59,"$6,125.08"
02/18/2025,XX8062 POS PURCHASE GOOGLE *YouTubeP g.co/helppay# CA 00000000 099517,,-$13.99,"$6,111.09"
02/18/2025,XX8062 POS PURCHASE TACO MAC 27 CANTON GA 40928916 088315,,-$18.77,"$6,092.32"
02/18/2025,XX8062 POS PURCHASE KROGER #430 WOODSTOCK GA 40043014 514926,,-$23.93,"$6,068.39"
02/18/2025,XX8062 POS PURCHASE QT 781 OUTSIDE WOODSTOCK GA 001 520420,,-$25.32,"$6,043.07"
02/18/2025,XX8062 POS PURCHASE KROGER #430 WOODSTOCK GA 40043012 512507,,-$77.12,"$5,965.95"
02/18/2025,XX8062 POS PURCHASE DR FAHRENHEIT HV laura@drfahre GA EAQYIQCH 021675,,-$89.00,"$5,876.95"
02/18/2025,XX8062 MT DDA DEBIT CASH APP*DEREK Oakland CA 1 034587,,-$700.00,"$5,176.95"
02/18/2025,PENNYMAC CASH 8006956424-0082,,"-$1,401.50","$3,775.45"
02/19/2025,XX8062 POS PURCHASE KROGER #430 WOODSTOCK GA 40043004 504317,,-$31.33,"$3,744.12"
02/19/2025,ADVS ED SERV PPD STUDNTLOAN 0000,,-$86.18,"$3,657.94"
02/19/2025,SALLIE MAE BANK AUTOPAY BR_BRADLEY SIX,,-$243.41,"$3,414.53"
02/19/2025,Interest,,$0.05,"$3,414.58"
02/20/2025,XX8062 POS PURCHASE QT 781 WOODSTOCK GA 00000000 028202,,-$6.62,"$3,407.96"
02/20/2025,XX8062 POS PURCHASE QT 775 OUTSIDE MARIETTA GA 001 014010,,-$21.06,"$3,386.90"
02/21/2025,MCM LEASING LLC PAYROLL 0SL96 37910PNC3,,$993.60,"$4,380.50"
02/21/2025,XX8062 POS PURCHASE STEAMGAMES.COM 4 425-8899642 WA 00000000 074503,,-$5.29,"$4,375.21"
02/21/2025,COMCAST 8220210 XXXXX2053 4146338,,-$70.00,"$4,305.21"
02/24/2025,Zelle To ELDRIDGE MUSIC ACADEMY LLC . +1-800-274-4482,,-$45.00,"$4,260.21"
02/24/2025,XX8062 POS PURCHASE GOOGLE *Everybod 855-836-3987 CA 00000000 059612,,-$1.99,"$4,258.22"
02/24/2025,XX8062 POS PURCHASE CHICK-FIL-A #081 770-732-8034 GA 1 093211,,-$4.12,"$4,254.10"
02/24/2025,XX8062 POS PURCHASE CHICK-FIL-A #032 770-592-4755 GA 1 060248,,-$8.31,"$4,245.79"
02/24/2025,XX8062 POS PURCHASE PAPA JOHN'S #514 187-754-7727 GA 45718694 018694,,-$11.86,"$4,233.93"
02/24/2025,XX8062 POS PURCHASE WAL-MART #5814 HOLLY SPRINGS GA 24581401 780719,,-$31.35,"$4,202.58"
02/24/2025,XX8062 POS PURCHASE BUC-EE'S #52 CALHOUN GA 101 505314438294,,-$60.99,"$4,141.59"
02/24/2025,XX8062 POS PURCHASE NORTH FULTON PES 770-4757419 GA 77371064 042483,,-$85.00,"$4,056.59"
02/25/2025,XX8062 POS PURCHASE CHEVRON 0302330 ATLANTA GA 00000000 037385,,-$4.19,"$4,052.40"
02/25/2025,XX8062 POS PURCHASE KROGER #430 WOODSTOCK GA 40043003 503245,,-$31.43,"$4,020.97"
02/25/2025,IGS ENERGY SCANA BILL PAY 20771154731,,-$64.77,"$3,956.20"
02/26/2025,XX8062 POS PURCHASE BP#1453300JP PAL PALMETTO GA 02020201 171359,,-$2.79,"$3,953.41"
02/26/2025,XX8062 POS PURCHASE QT 720 LITHIA SPRING GA 00000000 060988,,-$3.20,"$3,950.21"
02/26/2025,XX8062 POS PURCHASE FIXIT ACE HDWE-R 9999999999 GA 18840928 022288,,-$6.34,"$3,943.87"
02/28/2025,MCM LEASING LLC PAYROLL 0SL96 37910PNC3,,$936.36,"$4,880.23"
02/28/2025,XX8062 POS PURCHASE STATE RD AND TOL 404-8936135 GA 79204725 088256,,-$20.00,"$4,860.23"
02/28/2025,XX8062 POS PURCHASE KROGER #430 WOODSTOCK GA 40043015 015801,,-$24.14,"$4,836.09"
02/28/2025,XX8062 POS PURCHASE XFINITY MOBILE 888-936-4968 PA 00000000 052123,,-$57.35,"$4,778.74"
03/03/2025,Zelle To ELDRIDGE MUSIC ACADEMY LLC . +1-800-274-4482,,-$45.00,"$4,733.74"
03/03/2025,XX8062 POS PURCHASE RACETRAC636 DOUGLASVILLE GA 32795103 447646,,-$2.99,"$4,730.75"
03/03/2025,XX8062 POS PURCHASE QT 720 LITHIA SPRING GA 00000000 077082,,-$3.20,"$4,727.55"
03/03/2025,XX8062 POS PURCHASE RACETRAC122 00 MARIETTA GA 007 029165,,-$3.56,"$4,723.99"
03/03/2025,XX8062 POS PURCHASE RACETRAC122 00 MARIETTA GA 007 030107,,-$3.56,"$4,720.43"
03/03/2025,XX8062 POS PURCHASE CHICK-FIL-A #081 770-732-8034 GA 1 078479,,-$4.12,"$4,716.31"
03/03/2025,XX8062 POS PURCHASE STEAMGAMES.COM 4 425-8899642 WA 00000000 008209,,-$7.06,"$4,709.25"
03/03/2025,XX8062 POS PURCHASE LINODE . AKAMAI 609-380-7100 MA 00000000 063458,,-$7.09,"$4,702.16"
03/03/2025,XX8062 POS PURCHASE TACO BELL 732577 678-905-3291 GA 7325003 017156,,-$9.20,"$4,692.96"
03/03/2025,XX8062 POS PURCHASE STEAMGAMES.COM 4 425-8899642 WA 00000000 031407,,-$15.89,"$4,677.07"
03/03/2025,XX8062 POS PURCHASE PAPA JOHN'S #514 187-754-7727 GA 54399303 099303,,-$24.53,"$4,652.54"
03/03/2025,XX8062 POS PURCHASE RACETRAC122 00 MARIETTA GA 008 030108,,-$34.63,"$4,617.91"
03/03/2025,XX8062 POS PURCHASE SCHOOLFUNDR.ORG SCHOOLFUNDR.O MN EGVRG2ZL 028500,,-$57.00,"$4,560.91"
03/03/2025,PAYPAL INST XFER PATREON MEMBER,,-$21.20,"$4,539.71"
03/04/2025,XX8062 POS PURCHASE QT 720 LITHIA SPRING GA 00000000 027928,,-$3.20,"$4,536.51"
03/04/2025,XX8062 POS PURCHASE CHEVRON 0307698 MABLETON GA 00000000 058259,,-$5.29,"$4,531.22"
03/04/2025,XX8062 POS PURCHASE ZAXBY'S #24701 LITHIA SPRING GA 00000000 063271,,-$5.66,"$4,525.56"
03/05/2025,MIDJOURNEY INC. MIDJOURNEY ST-K9G2F8I2M6W4,,-$10.60,"$4,514.96"
03/06/2025,XX8062 POS PURCHASE RACETRAC122 00 MARIETTA GA 007 026969,,-$3.56,"$4,511.40"
03/06/2025,XX8062 POS PURCHASE PAPA JOHN'S #514 187-754-7727 GA 08947669 047669,,-$8.68,"$4,502.72"
03/06/2025,XX8062 POS PURCHASE KROGER #430 WOODSTOCK GA 40043011 511908,,-$25.22,"$4,477.50"
03/07/2025,MCM LEASING LLC PAYROLL 0SL96 37910PNC3,,$806.34,"$5,283.84"
03/07/2025,XX8062 POS PURCHASE OPENAI *CHATGPT OPENAI.COM CA 7N3QWJUF 026256,,-$20.00,"$5,263.84"
03/10/2025,Zelle To ELDRIDGE MUSIC ACADEMY LLC . +1-800-274-4482,,-$45.00,"$5,218.84"
03/10/2025,XX8062 POS PURCHASE QT 812 CUMMING GA 00000000 078712,,-$3.20,"$5,215.64"
03/10/2025,XX8062 POS PURCHASE WENDYS #78 WOODSTOCK GA 22166002 859455,,-$6.24,"$5,209.40"
03/10/2025,XX8062 POS PURCHASE PETS AND SUPPLIE KENNESAW GA 75587130 030018,,-$7.96,"$5,201.44"
03/10/2025,XX8062 POS PURCHASE QT 781 OUTSIDE WOODSTOCK GA 001 524892,,-$24.38,"$5,177.06"
03/10/2025,XX8062 POS PURCHASE KROGER #430 WOODSTOCK GA 40043015 015573,,-$24.93,"$5,152.13"
03/10/2025,XX8062 POS PURCHASE SLICE*SAPORITOSP SLICELIFE.COM NY OIWK9ICL 054498,,-$46.35,"$5,105.78"
03/10/2025,GPC GPC EFT XXXXXX9366CTN,,-$359.02,"$4,746.76"
03/11/2025,XX8062 POS PURCHASE WL *STEAM PURCHA 425-889-9642 WA 00000000 053399,,-$10.59,"$4,736.17"
03/12/2025,XX8062 POS PURCHASE CHICK-FIL-A #008 770-421-8650 GA 1 082016,,-$4.12,"$4,732.05"
03/12/2025,XX8062 POS PURCHASE RACETRAC2582 CANTON GA 57777001 463455,,-$6.44,"$4,725.61"
03/12/2025,XX8062 POS PURCHASE KROGER #430 WOODSTOCK GA 40043011 511775,,-$35.31,"$4,690.30"
03/13/2025,XX8062 POS PURCHASE QT 1702 SMYRNA GA 00000000 092461,,-$3.17,"$4,687.13"
03/13/2025,XX8062 POS PURCHASE RACETRAC122 00 MARIETTA GA 007 028042,,-$9.08,"$4,678.05"
03/14/2025,MCM LEASING LLC PAYROLL 0SL96 37910PNC3,,$767.58,"$5,445.63"
03/14/2025,XX8062 POS PURCHASE KROGER #430 WOODSTOCK GA 40043012 512451,,-$28.67,"$5,416.96"
03/14/2025,AMAZON.COM SERVI INTERNET 043000093914210,,-$23.30,"$5,393.66"
03/17/2025,Zelle To ELDRIDGE MUSIC ACADEMY LLC . +1-800-274-4482,,-$45.00,"$5,348.66"
03/17/2025,XX8062 POS PURCHASE QT 733 AUSTELL GA 00000000 032532,,-$3.17,"$5,345.49"
03/17/2025,XX8062 POS PURCHASE KROGER #430 5339 WOODSTOCK GA 99999999 006864,,-$10.07,"$5,335.42"
03/17/2025,XX8062 POS PURCHASE CITY BBQ ACWORTH ACWORTH GA 00006167 026718,,-$13.76,"$5,321.66"
03/17/2025,XX8062 POS PURCHASE GOOGLE*YOUTUBEPR G.CO/HELPPAY# CA WPGTID01 040036,,-$13.99,"$5,307.67"
03/17/2025,XX8062 POS PURCHASE GIRL SCOUTS OF T 855-530-4467 NY 00000000 015519,,-$18.00,"$5,289.67"
03/17/2025,XX8062 POS PURCHASE SAPORITOS PIZZA CANTON GA 00000000 097469,,-$26.71,"$5,262.96"
03/17/2025,XX8062 POS PURCHASE QT 781 OUTSIDE WOODSTOCK GA 001 646718,,-$30.18,"$5,232.78"
03/17/2025,XX8062 POS PURCHASE Spring Express V Canton GA 00017000 002755,,-$37.43,"$5,195.35"
03/17/2025,PENNYMAC CASH 8006956424-0083,,"-$1,401.50","$3,793.85"
03/18/2025,XX8062 POS PURCHASE POPEYES 5973 SANDY SPRINGS GA 00004607 055028,,-$6.81,"$3,787.04"
03/18/2025,XX8062 POS PURCHASE STEAMGAMES.COM 4 425-8899642 WA 00000000 079906,,-$54.04,"$3,733.00"
03/19/2025,XX8062 POS PURCHASE KROGER #430 WOODSTOCK GA 40043011 511787,,-$34.90,"$3,698.10"
03/19/2025,ADVS ED SERV PPD STUDNTLOAN 0000,,-$86.18,"$3,611.92"
03/19/2025,SALLIE MAE BANK AUTOPAY BR_BRADLEY SIX,,-$243.41,"$3,368.51"
03/19/2025,Interest,,$0.03,"$3,368.54"
03/19/2025,881491 POS PREAUTH WL *Steam Purcha 425-9522985 WA 09063506 881491(Pending),,-$13.76,"$4,118.88"
03/20/2025,XX8062 POS PURCHASE PUBLIX #1745 MARIETTA GA 00000000 070793,,-$9.98,"$3,358.56"
03/20/2025,XX8062 POS PURCHASE CHICK-FIL-A #007 770-977-3355 GA 1 005961,,-$10.37,"$3,348.19"
03/20/2025,XX8062 POS PURCHASE NORTH FULTON PES 770-4757419 GA 77371064 038894,,-$85.00,"$3,263.19"
03/21/2025,MCM LEASING LLC PAYROLL 0SL96 37910PNC3,,"$1,083.00","$4,346.19"
03/21/2025,XX8062 POS PURCHASE WENDYS #78 WOODSTOCK GA 22166002 623673,,-$6.56,"$4,339.63"
03/21/2025,XX8062 POS PURCHASE KROGER #430 WOODSTOCK GA 40043010 510308,,-$16.48,"$4,323.15"
03/21/2025,XX8062 POS PURCHASE QT 781 OUTSIDE WOODSTOCK GA 001 697930,,-$30.13,"$4,293.02"
03/21/2025,XX8062 POS PURCHASE QT 817 CUMMING GA 00000000 008758,,-$31.38,"$4,261.64"
03/21/2025,COMCAST 8220210 XXXXX2053 4774018,,-$129.00,"$4,132.64"
03/21/2025,76123 POS PURCHASE QT 1725 INSIDE CUMMING GA 00000000 076123(Pending),,-$9.59,"$4,109.29"
03/21/2025,24901 POS PURCHASE QT 1702 SMYRNA GA 00000000 024901(Pending),,-$3.17,"$4,106.12"